<?xml version="1.0" encoding="UTF-8"?>
<marc:collection xmlns:marc="http://www.loc.gov/MARC21/slim" xmlns:xsi="http://www.w3.org/2001/XMLSchema-instance" xsi:schemaLocation="http://www.loc.gov/MARC21/slim http://www.loc.gov/standards/marcxml/schema/MARC21slim.xsd">
   <marc:record type="Bibliographic">
      <marc:leader>02713cam a2200457 a 4500</marc:leader>
      <marc:controlfield tag="001">399749</marc:controlfield>
      <marc:controlfield tag="003">NjP</marc:controlfield>
      <marc:controlfield tag="005">20130222162332.0</marc:controlfield>
      <marc:controlfield tag="008">870924r19851905ir            000 0 ara d</marc:controlfield>
      <marc:datafield tag="024" ind1="7" ind2=" ">
         <marc:subfield code="a">princeton_aco000589</marc:subfield>
         <marc:subfield code="2">local</marc:subfield>
      </marc:datafield>
      <marc:datafield tag="035" ind1=" " ind2=" ">
         <marc:subfield code="a">(OCoLC)ocn175640692</marc:subfield>
      </marc:datafield>
      <marc:datafield tag="035" ind1=" " ind2=" ">
         <marc:subfield code="a">(OCoLC)24554221</marc:subfield>
      </marc:datafield>
      <marc:datafield tag="040" ind1=" " ind2=" ">
         <marc:subfield code="a">PU</marc:subfield>
         <marc:subfield code="c">PUL</marc:subfield>
         <marc:subfield code="d">PUL</marc:subfield>
      </marc:datafield>
      <marc:datafield tag="035" ind1=" " ind2=" ">
         <marc:subfield code="a">(OCoLC)175640692</marc:subfield>
      </marc:datafield>
      <marc:datafield tag="035" ind1=" " ind2=" ">
         <marc:subfield code="a">(CStRLIN)NJPG87-B46875</marc:subfield>
      </marc:datafield>
      <marc:datafield tag="035" ind1=" " ind2=" ">
         <marc:subfield code="9">ABX5245TS</marc:subfield>
      </marc:datafield>
      <marc:datafield tag="035" ind1=" " ind2=" ">
         <marc:subfield code="a">(NjP)399749</marc:subfield>
      </marc:datafield>
      <marc:datafield tag="079" ind1=" " ind2=" ">
         <marc:subfield code="a">ocm24554221</marc:subfield>
         <marc:subfield code="z">ocm17504168</marc:subfield>
         <marc:subfield code="z">ocm21918039</marc:subfield>
      </marc:datafield>
      <marc:datafield tag="049" ind1=" " ind2=" ">
         <marc:subfield code="a">PULL</marc:subfield>
      </marc:datafield>
      <marc:datafield tag="100" ind1="1" ind2=" ">
         <marc:subfield code="6">880-01</marc:subfield>
         <marc:subfield code="a">Ibn Fanārī, Muḥammad ibn Ḥamzah,</marc:subfield>
         <marc:subfield code="d">1350 or 51-1430 or 31.</marc:subfield>
      </marc:datafield>
      <marc:datafield tag="240" ind1="1" ind2="0">
         <marc:subfield code="6">880-02</marc:subfield>
         <marc:subfield code="a">Miṣbāḥ al-uns bayna al-maʻqūl wa-al-mashhūd fī sharḥ Miftāḥ ghayb al-jamʻ wa-al-wujūd</marc:subfield>
      </marc:datafield>
      <marc:datafield tag="245" ind1="1" ind2="0">
         <marc:subfield code="6">880-03</marc:subfield>
         <marc:subfield code="a">Miṣbāḥ al-uns fī sharḥ Miftāḥ ghayb al-jamʻ wa-al-wujūd [li-]Ṣadr al-Dīn Muḥammad ibn Isḥaq Qūnawī /</marc:subfield>
         <marc:subfield code="c">Muḥammad ibn Ḥamzah ibn Muḥammad al-ʻUṭhmānī (Ibn Fanārī) ; maʻa taʻlīqāt Mīrzā Ḥāshim ibn Ḥasan ibn Muḥammad ʻAlī al-Kīlānī Ashkūrī, Ḥasan Ḥasanʹzādah-ʼi Āmulī.</marc:subfield>
      </marc:datafield>
      <marc:datafield tag="250" ind1=" " ind2=" ">
         <marc:subfield code="a">Chāp-i 2.</marc:subfield>
      </marc:datafield>
      <marc:datafield tag="260" ind1=" " ind2=" ">
         <marc:subfield code="a">[Tehran] :</marc:subfield>
         <marc:subfield code="b">Fajr,</marc:subfield>
         <marc:subfield code="c">1363 [1985]</marc:subfield>
      </marc:datafield>
      <marc:datafield tag="300" ind1=" " ind2=" ">
         <marc:subfield code="a">343, 12 p. ;</marc:subfield>
         <marc:subfield code="c">35 cm.</marc:subfield>
      </marc:datafield>
      <marc:datafield tag="500" ind1=" " ind2=" ">
         <marc:subfield code="a">Title page partially vocalized.</marc:subfield>
      </marc:datafield>
      <marc:datafield tag="534" ind1=" " ind2=" ">
         <marc:subfield code="p">Reprint. Originally published:</marc:subfield>
         <marc:subfield code="c">1323 [1905].</marc:subfield>
      </marc:datafield>
      <marc:datafield tag="650" ind1=" " ind2="0">
         <marc:subfield code="a">Philosophy, Islamic.</marc:subfield>
      </marc:datafield>
      <marc:datafield tag="650" ind1=" " ind2="0">
         <marc:subfield code="a">God (Islam)</marc:subfield>
      </marc:datafield>
      <marc:datafield tag="600" ind1="1" ind2="0">
         <marc:subfield code="6">880-04</marc:subfield>
         <marc:subfield code="a">Ṣadr al-Dīn al-Qunawī, Muḥammad ibn Isḥāq,</marc:subfield>
         <marc:subfield code="d">d. 1273 or 4.</marc:subfield>
         <marc:subfield code="t">Miftāḥ ghayb al-jamʻ wa-al-wujūd.</marc:subfield>
      </marc:datafield>
      <marc:datafield tag="700" ind1="1" ind2=" ">
         <marc:subfield code="6">880-05</marc:subfield>
         <marc:subfield code="a">Kīlānī Ashkūrī, Hāshim ibn Ḥasan ibn Muḥammad ʻAlī.</marc:subfield>
      </marc:datafield>
      <marc:datafield tag="700" ind1="1" ind2=" ">
         <marc:subfield code="6">880-06</marc:subfield>
         <marc:subfield code="a">Ḥasanʹzādah Āmulī, Ḥasan.</marc:subfield>
      </marc:datafield>
      <marc:datafield tag="880" ind1="1" ind2=" ">
         <marc:subfield code="6">100-01/r</marc:subfield>
         <marc:subfield code="a">ابن فناري، محمد بن حمزة،</marc:subfield>
         <marc:subfield code="d">1350 or 51-1430 or 31.</marc:subfield>
      </marc:datafield>
      <marc:datafield tag="880" ind1="1" ind2="0">
         <marc:subfield code="6">240-02/r</marc:subfield>
         <marc:subfield code="a">مصباح الانس بين المعقول والمشهود في شرح مفتاح غيب الجمع والوجود</marc:subfield>
      </marc:datafield>
      <marc:datafield tag="880" ind1="1" ind2="0">
         <marc:subfield code="6">245-03/r</marc:subfield>
         <marc:subfield code="a">مصباح الانس في شرح مفتاح غيب الجمع والوجود [ل]صدر الدين محمد بن اسحق قونوي /</marc:subfield>
         <marc:subfield code="c">محمد بن حمزة بن محمد العطهماني (ابن فناري) ؛ مع تعليقات ميرزا حاشم بن حسن بن محمد علي الكيلاني اشكوري، حسن حسنزادهئ آملي.</marc:subfield>
      </marc:datafield>
      <marc:datafield tag="880" ind1="1" ind2="0">
         <marc:subfield code="6">600-04/r</marc:subfield>
         <marc:subfield code="a">صدر الدين القنوي، محمد بن اسحاق،</marc:subfield>
         <marc:subfield code="d">d. 1273 or 4.</marc:subfield>
         <marc:subfield code="t">مفتاح غيب الجمع والوجود.</marc:subfield>
      </marc:datafield>
      <marc:datafield tag="880" ind1="1" ind2=" ">
         <marc:subfield code="6">700-05/r</marc:subfield>
         <marc:subfield code="a">كيلاني اشكوري، هاشم بن حسن بن محمد علي.</marc:subfield>
      </marc:datafield>
      <marc:datafield tag="880" ind1="1" ind2=" ">
         <marc:subfield code="6">700-06/r</marc:subfield>
         <marc:subfield code="a">حسنزادة آملي، حسن.</marc:subfield>
      </marc:datafield>
      <marc:datafield tag="998" ind1=" " ind2=" ">
         <marc:subfield code="a">05/04/90</marc:subfield>
         <marc:subfield code="s">9114</marc:subfield>
         <marc:subfield code="n">NjP</marc:subfield>
         <marc:subfield code="w">NJPG87B46875</marc:subfield>
         <marc:subfield code="d">09/24/87</marc:subfield>
         <marc:subfield code="c">JEB</marc:subfield>
         <marc:subfield code="b">JEB</marc:subfield>
         <marc:subfield code="i">900504</marc:subfield>
         <marc:subfield code="l">NJPG</marc:subfield>
      </marc:datafield>
      <marc:datafield tag="911" ind1=" " ind2=" ">
         <marc:subfield code="a">19921028</marc:subfield>
      </marc:datafield>
      <marc:datafield tag="912" ind1=" " ind2=" ">
         <marc:subfield code="a">19960509055520.0</marc:subfield>
      </marc:datafield>
      <marc:datafield tag="994" ind1=" " ind2=" ">
         <marc:subfield code="a">C0</marc:subfield>
         <marc:subfield code="b">PUL</marc:subfield>
      </marc:datafield>
      <marc:datafield tag="999" ind1=" " ind2=" ">
         <marc:subfield code="a">399749</marc:subfield>
      </marc:datafield>
   </marc:record>
</marc:collection>
